<?xml version="1.0" encoding="UTF-8"?><collection xmlns="http://www.loc.gov/MARC21/slim"><record><leader>00478nam--2200181-i-4500</leader><controlfield tag="001">000011558</controlfield><controlfield tag="002">20161230</controlfield><controlfield tag="005">20161230201029</controlfield><controlfield tag="008">060222s1000------------r-----000-0-rum-d</controlfield><datafield ind1=" " ind2=" " tag="040"><subfield code="a">IFIN-HH</subfield></datafield><datafield ind1=" " ind2=" " tag="041"><subfield code="a">rum</subfield></datafield><datafield ind1=" " ind2=" " tag="080"><subfield code="a">539.4:658.562</subfield></datafield><datafield ind1="1" ind2=" " tag="100"><subfield code="a">Cioclov, Dragos D</subfield></datafield><datafield ind1="1" ind2="0" tag="245"><subfield code="a">Rezistenta si fiabilitate la solicitari variabile</subfield><subfield code="c">Dragos d. cioclov</subfield></datafield><datafield ind1=" " ind2=" " tag="260"><subfield code="a">Timisoara</subfield><subfield code="b">Editura Facla</subfield><subfield code="c">1975</subfield></datafield><datafield ind1=" " ind2=" " tag="300"><subfield code="a">361 P</subfield></datafield><datafield ind1=" " ind2=" " tag="852"><subfield code="a">42849</subfield><subfield code="c">539.4</subfield></datafield><datafield ind1=" " ind2=" " tag="CAT"><subfield code="a">Sys</subfield><subfield code="c">20130129</subfield><subfield code="h">145002</subfield></datafield></record></collection>